@inproceedings{limper2013pop,
  title={The pop buffer: Rapid progressive clustering by geometry quantization},
  author={Limper, Max and Jung, Yvonne and Behr, Johannes and Alexa, Marc},
  booktitle={Computer Graphics Forum},
  volume={32},
  number={7},
  pages={197--206},
  year={2013},
  organization={Wiley Online Library}
}
